@Misc{1,
  title        = {},
  howpublished = {\url{}},
  note         = {},
}

@Article{2,
  author    = {},
  title     = {},
  year      = {},
  journal   = {},
  month     = {},
  pages     = {},
}


@InBook{5,
  author    = {},
  title     = {},
  chapter   = {},
  year      = {},
  pages     = {},
}

@Book{8,
  author     = {},
  title      = {},
  publisher  = {},
  year       = {},
}
